@article{DBLP:journals/csur/WarfordVS20,
  author       = {J. Stanley Warford and
                  David Vega and
                  Scott M. Staley},
  title        = {A Calculational Deductive System for Linear Temporal Logic},
  journal      = {{ACM} Comput. Surv.},
  volume       = {53},
  number       = {3},
  pages        = {53:1--53:38},
  year         = {2021},
  url          = {https://doi.org/10.1145/3387109},
  doi          = {10.1145/3387109},
  timestamp    = {Wed, 23 Nov 2022 16:16:46 +0100},
  biburl       = {https://dblp.org/rec/journals/csur/WarfordVS20.bib},
  bibsource    = {dblp computer science bibliography, https://dblp.org}
}



@ARTICLE{journals/logcom/Tourlakis01,
  author = {George Tourlakis},
  title = {On the Soundness and Completeness of Equational Predicate Logics},
  journal = {J. Log. Comput.},
  year = {2001},
  volume = {11},
  pages = {623-653},
  number = {4},
  ee = {http://www3.oup.co.uk/logcom/hdb/Volume_11/Issue_04/110623.sgm.abs.html},
}

@INBOOK{gries.97,
  author = {David Gries},
  chapter = {Foundations for Calculational Logic},
  pages = {83--126},
  title = {Mathematical Methods in Program Development},
  editor = {Manfred Broy and Birgit Schieder},
  year = {1997},
  volume = {158},
  series = {NATO ASI Series F: Computer and System Sciences},
  publisher = {Springer-Verlag},
}


@BOOK{gries.93,
  title = {A Logical Approach to Discrete Math},
  publisher = {Berlin: Springer Verlag},
  year = {1993},
  author = {David Gries and Fred B. Schneider},
  series = {Texts and Monographs in Computer Science}
}


@INBOOK{Blamey86,
  chapter = {Partial Logic},
  pages = {1--70},
  title = {Handbook of Philosophical Logic},
  publisher = {Kluwer Academic},
  year = {1986},
  editor = {D. Gabbay and F. Guenthner},
  author = {Stephen Blamey},
  volume = {III}
}

@INCOLLECTION{CMR99,
  author = {Maura Cerioli and Till Mossakowski and Horst Reichel},
  title = {From Total Equational to Partial First-Order Logic},
  booktitle = {Algebraic Foundations of Systems Specification},
  publisher = {Springer},
  year = {1999},
  editor = {E. Astesiano and H.-J. Kreowski and B. Krieg-Br{\"u}ckner},
  series = {IFIP State-of-the-Art Reports},
  chapter = {3}
}

@ARTICLE{Farmer90,
  author = {William M. Farmer},
  title = {A Partial Functions Version of {Church's} Simple Theory of Types},
  journal = {The Journal of Symbolic Logic},
  year = {1990},
  volume = {55},
  pages = {1269--1291},
  number = {3},
  month = sep
}

@ARTICLE{Feferman95,
  author = {Solomon Feferman},
  title = {Definedness},
  journal = {Erkenntnis},
  year = {1995},
  pages = {295--320},
  number = {3},
  publisher = {Springer},
  vol = {43}
}

@Book{Spivey92,
  author =	"J. M. Spivey",
  title =	"The {Z} Notation: {A} Reference Manual",
  publisher =	"Prentice Hall International Series in Computer
		 Science",
  edition =	"2nd",
  year = 	"1992",
  isbn_issn =	"013-978529-9",
  URL =  	"http://spivey.oriel.ox.ac.uk/~mike/zrm/zrm.pdf",
}


@BOOK{UTP-book,
  title = {Unifying Theories of Programming},
  publisher = {Prentice-Hall},
  year = {1998},
  author = {C. A. R. Hoare and Jifeng He},
}

@ARTICLE{JM94,
  author = {C. B. Jones and C. A. Middelburg},
  title = {A Typed Logic of Partial Functions Reconstructed Classically},
  journal = {Acta Informatica},
  year = {1994},
  volume = {31},
  pages = {399--430},
  number = {5}
}

@MANUAL{Parsec01,
  title = {Parsec, a fast combinator parser},
  author = {Daan Leijen},
  organization = {University of Utrecht, Dept. of Computer Science},
  address = {PO.Box 80.089, 3508 TB Utrecht},
  month = {Oct},
  year = {2001}
}

@TECHREPORT{LeijenMeijer:parsec,
  author = {Daan Leijen and Erik Meijer},
  title = {Parsec: Direct Style Monadic Parser Combinators for the Real World},
  institution = {Department of Computer Science, Universiteit Utrecht},
  year = {2001},
  number = {UU-CS-2001-27}
}

@ARTICLE{MB99,
  author = {Joseph M. Morris and Alexander Bunkenburg},
  title = {A Logic for Reasoning Equationally in the Presence of Partiality},
  journal = {Sci. Comput. Program},
  year = {1999},
  volume = {34},
  pages = {141--158},
  number = {2}
}

@ARTICLE{MB98,
  author = {Joseph M. Morris and Alexander Bunkenburg},
  title = {Partiality and Nondeterminacy in Program Proofs},
  journal = {Formal Asp. Comput},
  year = {1998},
  volume = {10},
  pages = {76--96},
  number = {1}
}

@INPROCEEDINGS{OCW:densem-circus:06,
  author = {Marcel Oliveira and Ana Cavalcanti and Jim Woodcock},
  title = {A Denotational Semantics for Circus},
  booktitle = {REFINE 2006},
  year = {2006},
  pages = {1-16},
  publisher = {ENTCS},
  file = {:C\:\\Documents and Settings\\butrfeld\\My Documents\\Library\\Articles\\Circus-Semantics-REFINE06.pdf:PDF},
  owner = {butrfeld},
  timestamp = {2008.04.25}
}

@ARTICLE{Owe93,
  author = {Olaf Owe},
  title = {Partial Logics Reconsidered: {A} Conservative Approach},
  journal = {Formal Aspects of Computing},
  year = {1993},
  volume = {5},
  pages = {208--223},
  number = {3}
}

@BOOK{Prawitz56,
  title = {{N}atural {D}eduction --- {A} {P}roof-{T}heoretical {S}tudy},
  publisher = {Dover Press},
  year = {1956},
  author = {Dag Prawitz},
  note = {2006 reprint of 1956 book}
}

@ARTICLE{SB99,
  author = {Schieder and Broy},
  title = {Adapting Calculational Logic to the Undefined},
  journal = {The Computer Journal},
  year = {1999},
  volume = {42},
  pages = {73--81}
}
@INPROCEEDINGS{WB91,
  author = {J. C. P. Woodclock and S. M. Brien},
  title = {W: A Logic for Z},
  booktitle = {Proceedings of the Z User Workshop},
  year = {1991},
  pages = {77--96},
  address = {London, UK},
  publisher = {Springer-Verlag},
  isbn = {3-540-19780-X}
}

@REPORT{MathHbk:05,
  TITLE =        {Handbook of Mathematics},
  author =       {Andrew Butterfield and M\'iche\'al {Mac an Airchinnigh} (eds.)},
  year = {2005},
  url = {https://www.scss.tcd.ie/Andrew.Butterfield/Teaching/CS3001/Handbook_of_Math-2005.pdf},
  INSTITUTION = {School of Computer Science and Statistics},
  address =      {Trinity College, Dublin 2, Ireland},
}


@inproceedings{DBLP:conf/utp/Butterfield12,
  author    = {Andrew Butterfield},
  title     = {The Logic of \emph{U} {\(\cdot\)}(\emph{TP})\({}^{\mbox{2}}\)},
  pages     = {124--143},
  year      = {2012},
  crossref  = {DBLP:conf/utp/2012},
  url       = {https://doi.org/10.1007/978-3-642-35705-3_6},
  doi       = {10.1007/978-3-642-35705-3_6},
  timestamp = {Mon, 05 Jun 2017 12:41:06 +0200},
  biburl    = {https://dblp.org/rec/bib/conf/utp/Butterfield12},
  bibsource = {dblp computer science bibliography, https://dblp.org}
}
@proceedings{DBLP:conf/utp/2012,
  editor    = {Burkhart Wolff and
               Marie{-}Claude Gaudel and
               Abderrahmane Feliachi},
  title     = {Unifying Theories of Programming, 4th International Symposium, {UTP}
               2012, Paris, France, August 27-28, 2012, Revised Selected Papers},
  series    = {Lecture Notes in Computer Science},
  volume    = {7681},
  publisher = {Springer},
  year      = {2013},
  url       = {https://doi.org/10.1007/978-3-642-35705-3},
  doi       = {10.1007/978-3-642-35705-3},
  isbn      = {978-3-642-35704-6},
  timestamp = {Tue, 23 May 2017 01:10:04 +0200},
  biburl    = {https://dblp.org/rec/bib/conf/utp/2012},
  bibsource = {dblp computer science bibliography, https://dblp.org}
}

@ARTICLE{WCF:opsem-MC-Circus:05,
  author = {Jim Woodcock and Ana Cavalcanti and Leonardo Freitas},
  title = {Operational Semantics for Model Checking Circus},
  journal = {TBD},
  year = {2005},
  pages = {x-x+15},
  file = {:C\:\\Documents and Settings\\butrfeld\\My Documents\\Library\\Articles\\Circus-OpSem-MC-XXX05.pdf:PDF},
  owner = {butrfeld},
  timestamp = {2008.04.25}
}

@MISC{MB:afccar:07,
  author =       {Matthew Brecknell},
  title =        {Automatic file closing after readFile},
  howpublished = {Haskell Google-Group},
  year =         {2007},
  month =        {Oct},
  url= {http://groups.google.co.id/group/fa.haskell/browse_thread/thread/13b35fceacdee26f}
}

@InProceedings{conf/icfp/SarkarWD04,
  title =	"A nanopass infrastructure for compiler education",
  author =	"Dipanwita Sarkar and Oscar Waddell and R. Kent
		 Dybvig",
  booktitle =	"Proceedings of the Ninth {ACM} {SIGPLAN} International
		 Conference on Functional Programming, {ICFP} 2004, Snow
		 Bird, {UT}, {USA}, September 19-21, 2004",
  publisher =	"ACM",
  year = 	"2004",
  editor =	"Chris Okasaki and Kathleen Fisher",
  ISBN = 	"1-58113-905-5",
  pages =	"201--212",
  URL =  	"http://doi.acm.org/10.1145/1016850.1016878",
}

@TECHREPORT{HuttonGrah1996c,
  author = {Graham Hutton and Erik Meijer},
  title = {Monadic Parser Combinators},
  institution = {University of Nottingham},
  year = {1996},
  type = {Technical Report},
  number = {NOTTCS-TR-96-4},
  month = dec,
  file = {:C\:\\Documents and Settings\\butrfeld\\My Documents\\Library\\Catalogued\\monadic-parsing-TR96.pdf:PDF},
  keywords = {monads, parsing, combinators},
  owner = {butrfeld},
  timestamp = {2008.11.20},
  url = {http://www.cs.nott.ac.uk/Department/Staff/gmh/bib.html#monparsing}
}

@ARTICLE{journals/jfp/HuttonM98,
  author = {Graham Hutton and Erik Meijer},
  title = {Monadic Parsing in Haskell},
  journal = {J. Funct. Program},
  year = {1998},
  volume = {8},
  pages = {437--444},
  number = {4},
  file = {:C\:\\Documents and Settings\\butrfeld\\My Documents\\Library\\Catalogued\\monadic-parsing-JFP98l.pdf:PDF},
  owner = {butrfeld},
  timestamp = {2008.11.20}
}

@TECHREPORT{BB:concrete:Z:95,
  author = {A Concrete and Z Grammar and Peter T. Breuer and Jonathan P. Bowen},
  title = {A Concrete {Z} Grammar},
  institution = {Programming Research Group, University of Oxford},
  year = {1995},
  type = {Technical Report},
  number = {TR-22-95},
  url = {http://citeseer.ist.psu.edu/381916.html; ftp://ftp.comlab.ox.ac.uk/pub/Documents/techreports/TR-22-95.ps}
}

@Book{PeytonJones92,
  author =	"Simon L. Peyton-Jones and David Lester",
  publisher =	"Prentice-Hall",
  series =	"International Series in Computer Science",
  title =	"Implementing Functional Languages: {A} Tutorial",
  year = 	"1992",
}

@INPROCEEDINGS{Wadler98aprettier,
    author = {Philip Wadler},
    title = {A prettier printer},
    booktitle = {Journal of Functional Programming},
    year = {1998},
    pages = {223--244},
    publisher = {Palgrave Macmillan Publishers Ltd}
}

@InCollection{wadler:prettier:FUN:03,
    author = {Philip Wadler},
    title = {A prettier printer},
  editor =	"Jeremy Gibbons and Oege de Moor",
  booktitle =	"The Fun of Programming",
  series =	"Cornerstones of Computing",
  pages =	"223-244",
  publisher =	"Palgrave Macillan",
  address =	"Basingstoke / New York",
  year = 	"2003",
}

@TECHREPORT{UTP2:Reference,
  author =       {Andrew Butterfield},
  title =        {{UTP2} Reference Manual (Draft, ongoing)},
  institution =  {School of Computer Science and Statistics, Trinity College Dublin},
  year =         {2012},
  month =        {July},
  note =         {available from {\texttt{https://www.scss.tcd.ie/Andrew.Butterfield/Saoithin/}}},
}

@TECHREPORT{tr:Coq:manual:08,
  author = {{The Coq Development Team}},
  title = {The Coq Proof Assistant, Reference Manual, Version 8.2},
  institution = {INRIA},
  year = {2008},
  address = {Roquencourt, France},
  bdsk-url-1 = {http://coq.inria.fr/refman/},
  url = {http://coq.inria.fr/refman/}
}

@INPROCEEDINGS{conf/utp/Butterfield10,
  author = {Andrew Butterfield},
  title = {Saoithin: A Theorem Prover for UTP},
  booktitle = {Unifying Theories of Programming, Third International Symposium,
	UTP 2010, Shanghai, China, November, 2010.},
  year = {2010},
  editor = {Shenchao Qin},
  volume = {6445},
  number = {6445},
  series = {LNCS},
  pages = {137--156},
  address = {Shanghai, China},
  month = {November},
  publisher = {Springer},
  owner = {butrfeld},
  timestamp = {2009.09.18}
}


@BOOK{books/sp/NipkowPW02,
  title = {Isabelle/{HOL} - {A} Proof Assistant for Higher-Order Logic},
  publisher = {Springer},
  year = {2002},
  author = {Tobias Nipkow and Lawrence C. Paulson and Markus Wenzel},
  volume = {2283},
  series = {Lecture Notes in Computer Science},
  bdsk-url-1 = {http://link.springer.de/link/service/series/0558/tocs/t2283.htm},
  bibdate = {2002-04-23},
  isbn = {3-540-43376-7},
  url = {http://link.springer.de/link/service/series/0558/tocs/t2283.htm}
}

@ARTICLE{journals/fac/OliveiraCW09,
  author = {Marcel Oliveira and Ana Cavalcanti and Jim Woodcock},
  title = {A {UTP} semantics for Circus},
  journal = {Formal Asp. Comput},
  year = {2009},
  volume = {21},
  pages = {3--32},
  number = {1-2},
  bdsk-url-1 = {http://dx.doi.org/10.1007/s00165-007-0052-5},
  file = {:C\:\\Documents and Settings\\butrfeld\\My Documents\\Library\\Catalogued\\Oliveira-Cav-Wood-UTP-sem-Circus.FACJ07.pdf:PDF},
  url = {http://dx.doi.org/10.1007/s00165-007-0052-5}
}

@INPROCEEDINGS{conf/utp/ZC08,
  author = {Frank Zeyda and Ana Cavalcanti},
  title = {Encoding {\textit{Circus}} Programs in {ProofPower-Z}},
  booktitle = {Unifying Theories of Programming, Second International Symposium,
	{UTP} 2008, Trinity College, Dublin, {Ireland}, September 8-10, 2008,
	Revised Selected Papers},
  year = {2008},
  editor = {Andrew Butterfield},
  volume = {5713},
  series = {Lecture Notes in Computer Science},
  pages = {218-237},
  publisher = {Springer},
  owner = {butrfeld},
  timestamp = {2010.06.03}
}

@BOOK{Roscoe1997,
  title = {The Theory and Practise of Concurrency},
  publisher = {Prentice-Hall (Pearson)},
  year = {1997},
  author = {A.W. Roscoe},
  note = {revised to 2000 and lightly revised to 2005},
  keywords = {CSP, concurrency, formal methods},
  owner = {butrfeld},
  timestamp = {2008.10.17},
  url = {http://www.comlab.ox.ac.uk/people/bill.roscoe/publications/68b.pdf}
}

@InProceedings{conf/utp/FeliachiGW10,
  title =	"Unifying Theories in Isabelle/{HOL}",
  author =	"Abderrahmane Feliachi and Marie-Claude Gaudel and
		 Burkhart Wolff",
  bibdate =	"2010-11-20",
  bibsource =	"DBLP,
		 http://dblp.uni-trier.de/db/conf/utp/utp2010.html#FeliachiGW10",
  booktitle =	"UTP",
  booktitle =	"Unifying Theories of Programming - Third International
		 Symposium, {UTP} 2010, Shanghai, China, November 15-16,
		 2010. Proceedings",
  publisher =	"Springer",
  year = 	"2010",
  volume =	"6445",
  editor =	"Shengchao Qin",
  ISBN = 	"978-3-642-16689-1",
  pages =	"188--206",
  series =	"Lecture Notes in Computer Science",
  URL =  	"http://dx.doi.org/10.1007/978-3-642-16690-7",
}

@InProceedings{conf/vstte/FeliachiGW12,
  title =	"Isabelle/Circus: {A} Process Specification and
		 Verification Environment",
  author =	"Abderrahmane Feliachi and Marie-Claude Gaudel and
		 Burkhart Wolff",
  bibdate =	"2012-01-26",
  bibsource =	"DBLP,
		 http://dblp.uni-trier.de/db/conf/vstte/vstte2012.html#FeliachiGW12",
  booktitle =	"VSTTE",
  booktitle =	"Verified Software: Theories, Tools, Experiments - 4th
		 International Conference, {VSTTE} 2012, Philadelphia,
		 {PA}, {USA}, January 28-29, 2012. Proceedings",
  publisher =	"Springer",
  year = 	"2012",
  volume =	"7152",
  editor =	"Rajeev Joshi and Peter M{\"u}ller 0002 and Andreas
		 Podelski",
  ISBN = 	"978-3-642-27704-7",
  pages =	"243--260",
  series =	"Lecture Notes in Computer Science",
  URL =  	"http://dx.doi.org/10.1007/978-3-642-27705-4",
}

@InProceedings{conf/utp/OliveiraCW06,
  title =	"Unifying Theories in ProofPower-{Z}",
  author =	"Marcel Oliveira and Ana Cavalcanti and Jim Woodcock",
  bibdate =	"2006-06-28",
  bibsource =	"DBLP,
		 http://dblp.uni-trier.de/db/conf/utp/utp2006.html#OliveiraCW06",
  booktitle =	"UTP",
  booktitle =	"Unifying Theories of Programming, First International
		 Symposium, {UTP} 2006, Walworth Castle, County Durham,
		 {UK}, February 5-7, 2006, Revised Selected Papers",
  publisher =	"Springer",
  year = 	"2006",
  volume =	"4010",
  editor =	"Steve Dunne and Bill Stoddart",
  ISBN = 	"3-540-34750-X",
  pages =	"123--140",
  series =	"Lecture Notes in Computer Science",
  URL =  	"http://dx.doi.org/10.1007/11768173_8",
}
